<record><leader>00000cas a22000007a 4500</leader><controlfield tag="001">11459523</controlfield><controlfield tag="008">841206d1979199uutuwn ne      0   a0eng d</controlfield><datafield ind1=" " ind2=" " tag="010"><subfield code="a">sn 84002056 </subfield></datafield><datafield ind1=" " ind2=" " tag="040"><subfield code="a">NSD</subfield><subfield code="b">eng</subfield><subfield code="c">NSD</subfield><subfield code="d">UNP</subfield><subfield code="d">NSD</subfield><subfield code="d">OCLCQ</subfield><subfield code="d">UKMGB</subfield></datafield><datafield ind1=" " ind2=" " tag="012"><subfield code="j">0</subfield><subfield code="m">d</subfield></datafield><datafield ind1="7" ind2=" " tag="016"><subfield code="a">013905014</subfield><subfield code="2">Uk</subfield></datafield><datafield ind1="1" ind2=" " tag="022"><subfield code="a">8750-4677</subfield><subfield code="l">8750-4677</subfield><subfield code="2">1</subfield></datafield><datafield ind1=" " ind2=" " tag="037"><subfield code="b">Citizen, 59 W. Main, American Fork, UT 84003</subfield></datafield><datafield ind1=" " ind2=" " tag="042"><subfield code="a">nsdp</subfield></datafield><datafield ind1="0" ind2=" " tag="130"><subfield code="a">Citizen (American Fork, Utah : 1979)</subfield></datafield><datafield ind1=" " ind2="0" tag="222"><subfield code="a">Citizen</subfield><subfield code="b">(American Fork, Utah)</subfield></datafield><datafield ind1="0" ind2="0" tag="245"><subfield code="a">Citizen.</subfield></datafield><datafield ind1=" " ind2=" " tag="260"><subfield code="a">American Fork, Utah :</subfield><subfield code="b">Newtah,</subfield><subfield code="c">1979-</subfield></datafield><datafield ind1=" " ind2=" " tag="310"><subfield code="a">Weekly (except semi-weekly Thanksgiving &amp; Christmas,</subfield><subfield code="b">&lt;, Oct. 31, 1984-&gt;</subfield></datafield><datafield ind1=" " ind2=" " tag="321"><subfield code="a">Weekly</subfield></datafield><datafield ind1="0" ind2=" " tag="362"><subfield code="a">Vol. 1, no. 23 (June 21, 1979)-</subfield></datafield><datafield ind1=" " ind2=" " tag="752"><subfield code="a">United States</subfield><subfield code="b">Utah</subfield><subfield code="c">Utah</subfield><subfield code="d">American Fork.</subfield></datafield><datafield ind1="0" ind2="0" tag="780"><subfield code="t">American Fork citizen</subfield><subfield code="w">(DLC)sn 85058027</subfield><subfield code="w">(0CoLC)11751810</subfield></datafield><datafield ind1="0" ind2="0" tag="785"><subfield code="t">American Fork citizen, new Utah!</subfield><subfield code="x">1521-6845</subfield><subfield code="w">(DLC)sn 98002477</subfield></datafield><datafield ind1=" " ind2=" " tag="936"><subfield code="a">Oct. 31, 1984</subfield></datafield></record>